@article{Vuillemin1980AUL,
  author={Jean Vuillemin},
  title={A unifying look at data structures},
  journal={Communications of the ACM},
  year={1980},
  volume={23},
  number={4},
  pages={229-239}
} %OK

@article{SP1975,
author = {Spira, Philip Martin and Pan, Anthony},
title = {On Finding and Updating Spanning Trees and Shortest Paths},
journal = {SIAM Journal on Computing},
volume = {4},
number = {3},
pages = {375-380},
year = {1975},
doi = {10.1137/0204032}
}
@article{CH1978,
author = {Chin, Francis and Houck, David},
title = {Algorithms for updating minimal spanning trees},
journal = {Journal of Computer and System Sciences},
volume = {16},
number = {3},
pages = {333-344},
year = {1978},
issn = {0022-0000},
doi = {https://doi.org/10.1016/0022-0000(78)90022-3},
url = {https://www.sciencedirect.com/science/article/pii/0022000078900223},
}

@article{Eppstein1997SparsificationaTF,
  author={David Eppstein and Zvi Galil and Giuseppe F. Italiano and Amnon Nissenzweig},
  title={Sparsification -- {A} technique for speeding up dynamic graph algorithms},
  journal={Journal of the ACM},
  year={1997},
  volume={44},
  number={5},
  pages={669-696}
} % OK

@inproceedings{Eppstein1992SparsificationaTF,
author = {Eppstein, D.},
title = {Sparsification-a technique for speeding up dynamic graph algorithms},
year = {1992},
isbn = {0818629002},
publisher = {IEEE Computer Society},
address = {USA},
url = {https://doi.org/10.1109/SFCS.1992.267818},
doi = {10.1109/SFCS.1992.267818},
booktitle = {Proceedings of the 33rd Annual Symposium on Foundations of Computer Science},
pages = {60–69},
numpages = {10},
series = {SFCS '92}
}

@inproceedings{poly_log,
author = {Holm, Jacob and de Lichtenberg, Kristian and Thorup, Mikkel},
title = {Poly-logarithmic deterministic fully-dynamic algorithms for connectivity, minimum spanning tree, 2-edge, and biconnectivity},
year = {1998},
isbn = {0897919629},
publisher = {Association for Computing Machinery},
address = {New York, NY, USA},
url = {https://doi.org/10.1145/276698.276715},
doi = {10.1145/276698.276715},
booktitle = {Proceedings of the Thirtieth Annual ACM Symposium on Theory of Computing},
pages = {79--89},
numpages = {11},
location = {Dallas, Texas, USA},
series = {STOC '98}
}

@inproceedings{Thorup2000,
  author = {Thorup, Mikkel},
  title = {Near-Optimal Fully-Dynamic Graph Connectivity},
  booktitle = {Proceedings of the 32th Annual ACM Symposium on Theory of Computing},
  series = {STOC '00},
  year = {2000},
  pages = {343--350},
  isbn = {1581131844},
  publisher = {Association for Computing Machinery},
  address = {New York, NY, USA},
  url = {https://doi.org/10.1145/335305.335345},
  doi = {10.1145/335305.335345},
  location = {Portland, Oregon, USA}
} % OK

@inproceedings{QC22,
  author = {Qing Chen and Oded Lachish and Sven Helmer Michal H. Böhlen},
  title = {Dynamic Spanning Trees for Connectivity Queries on Fully-dynamic Undirected Graphs (Extended Version)},
  booktitle = {Proceedings of the
Very Large Data Bases Endowment},
  series = {PVLDB '22},
  year = {2022},
  pages = {3263-3276},
  isbn = {21508097},
  publisher = {Very Large Data Bases}
}
@article{HHSRecentAdvances2022,
author = {Hanauer, Kathrin and Henzinger, Monika and Schulz, Christian},
title = {Recent Advances in Fully Dynamic Graph Algorithms – {A} Quick Reference Guide},
journal = {ACM J. Exp. Algorithmics},
year = {2022},
volume = {27},
publisher = {Association for Computing Machinery},
url = {https://doi.org/10.1145/3555806},
articleno = {1.11}
}

@inproceedings{HenzingerKing,
author = {Henzinger, Monika Rauch and King, Valerie},
title = {Randomized dynamic graph algorithms with polylogarithmic time per operation},
year = {1995},
isbn = {0897917189},
publisher = {Association for Computing Machinery},
address = {New York, NY, USA},
url = {https://doi.org/10.1145/225058.225269},
doi = {10.1145/225058.225269},
booktitle = {Proceedings of the Twenty-Seventh Annual ACM Symposium on Theory of Computing},
pages = {519--527},
numpages = {9},
location = {Las Vegas, Nevada, USA},
series = {STOC '95}
}


@article{HenzingerThorup,
  author = {Henzinger, Monika R. and Thorup, Mikkel},
  title = {Sampling to Provide or to Bound: With Applications to Fully Dynamic Graph Algorithms},
  journal = {Random Structures and Algorithms},
  year = {1997},
  volume = {11},
  number = {4},
  pages = {369–379}
} % OK

  
@article{AragonSeidel1996,
  author = {Seidel, Raimund and Aragon, Cecilia},
  title = {Randomized Search Trees},
  journal = {Algorithmica},
  year = {1996},
  volume = {16},
  pages = {540-545}
} % OK

@inproceedings{AragonSeidel1989,
  author = {Aragon, Cecilia and Seidel, Raimund},
  title = {Randomized Search Trees},
  booktitle = {Proceedings of the 30th IEEE Symposium on Foundations of Computer Science},
  year = {1989},
  pages = {540-545}
} % OK

@inproceedings{bruceM,
  author = {Bruce M. Kapron and Valerie King and Ben Mountjoy},
  title = {Dynamic graph connectivity in polylogarithmic worst case time},
  booktitle = {Proceedings of the 24th Annual ACM-SIAM Symposium on Discrete Algorithms},
  series = {SODA' 13},
  year = {2013},
  pages = {1131-1142},
  publisher = {Society for Industrial and Applied Mathematics},
  address = {USA},
  location = {New Orleans, Louisiana}
} % OK

@article{frederickson1983data,
  title={Data Structures for On-Line Updating of Minimum Spanning Trees, with Applications},
  author={Greg N. Frederickson},
  journal={SIAM Journal on Computing},
  year={1985},
  volume={14},
  pages={781-798}
} % OK


@book{CLRS,
   title = {Introduction to Algorithms},
   author = {Thomas H. Cormen and Charles E. Leiserson and Ronald L. Rivest and Clifford Stein},
   publisher = {The MIT Press},
   isbn =      {0262032937; 9780262032933; 0262531968; 9780262531962; 0070131511; 9780070131514},
   year = {2001},
   edition = {2}
} % OK

@article{tarjan1985,
  author = {Tarjan, Robert E. and Vishkin, Uzi},
  title = {An Efficient Parallel Biconnectivity Algorithm},
  journal = {SIAM Journal on Computing},
  volume = {14},
  number = {4},
  pages = {862-874},
  year = {1985}
} % OK

@article{SleatroTarjanLinkCutTree1983,
  author = {Daniel D. Sleator and Robert Endre Tarjan},
  title = {A data structure for dynamic trees},
  journal = {Journal of Computer and System Sciences},
  volume = {26},
  number = {3},
  pages = {362-391},
  year = {1983}
}

@inproceedings{xpAnalyGiuseppe,
author = {Amato, Giuseppe and Cattaneo, Giuseppe and Italiano, Giuseppe F.},
title = {Experimental Analysis of Dynamic Minimum Spanning Tree Algorithms},
year = {1997},
isbn = {0898713900},
publisher = {Society for Industrial and Applied Mathematics},
address = {USA},
booktitle = {Proceedings of the 8th Annual ACM-SIAM Symposium on Discrete Algorithms},
pages = {314–323},
numpages = {10},
location = {New Orleans, Louisiana, USA},
series = {SODA '97}
}

@article{EmpiricalStudy1997,
author = {Alberts, David and Cattaneo, Giuseppe and Italiano, Giuseppe F.},
title = {An Empirical Study of Dynamic Graph Algorithms},
journal = {ACM J. Exp. Algorithmics},
year = {1997},
issue_date = {1997},
publisher = {Association for Computing Machinery},
address = {New York, NY, USA},
volume = {2},
issn = {1084-6654},
url = {https://doi.org/10.1145/264216.264223},
doi = {10.1145/264216.264223},
pages = {5–45},
numpages = {40}
}
@article{EmpiricalStudy2002,
author = {Iyer, Raj and Karger, David and Rahul, Hariharan and Thorup, Mikkel},
title = {An Experimental Study of Polylogarithmic, Fully Dynamic, Connectivity Algorithms},
year = {2002},
issue_date = {2001},
publisher = {Association for Computing Machinery},
address = {New York, NY, USA},
volume = {6},
issn = {1084-6654},
url = {https://doi.org/10.1145/945394.945398},
doi = {10.1145/945394.945398},
journal = {ACM J. Exp. Algorithmics},
pages = {4–34},
numpages = {30}
}

@book{Zaroliagis2002,
author="Zaroliagis, Christos D.",
title="Implementations and Experimental Studies of Dynamic Graph Algorithms",
bookTitle="Experimental Algorithmics: From Algorithm Design to Robust and Efficient Software",
year="2002",
publisher="Springer Berlin Heidelberg",
address="Berlin, Heidelberg",
pages="229--278",
isbn="978-3-540-36383-5",
doi="10.1007/3-540-36383-1_11",
url="https://doi.org/10.1007/3-540-36383-1_11"
}

@InProceedings{MSF-HK,
author="Henzinger, Monika R.
and King, Valerie",
title="Maintaining minimum spanning trees in dynamic graphs",
booktitle="Automata, Languages and Programming",
year="1997",
publisher="Springer Berlin Heidelberg",
address="Berlin, Heidelberg",
pages="594--604",
isbn="978-3-540-69194-5"
}


@article{tarjanWerneck2010,
author = {Tarjan, Robert E. and Werneck, Renato F.},
title = {Dynamic Trees in Practice},
year = {2010},
publisher = {Association for Computing Machinery},
address = {New York, NY, USA},
volume = {14},
issn = {1084-6654},
url = {https://doi.org/10.1145/1498698.1594231},
doi = {10.1145/1498698.1594231},
journal = {ACM J. Exp. Algorithmics},
}

%@article{simpleAndEfficient2022,
%author = {David A. Bader and Paul Burkhardt},
%title = {A Simple and Efficient Algorithm for Finding Minimum Spanning Tree Replacement Edges},
%year = {2022},
%volume = {26},
%number = {4},
%pages = {577--588},
%journal = {Journal of Graph Algorithms and Applications},
%}



@InProceedings{xpstudy2002,
author="Cattaneo, Giuseppe
and Faruolo, Pompeo
and Petrillo, Umberto Ferraro
and Italiano, Giuseppe F.",
editor="Mount, David M.
and Stein, Clifford",
title="Maintaining Dynamic Minimum Spanning Trees: An Experimental Study",
booktitle="Algorithm Engineering and Experiments",
year="2002",
publisher="Springer Berlin Heidelberg",
address="Berlin, Heidelberg",
pages="111--125"
}

@article{lowerBoundPatrascu,
author = {Patrascu, Mihai and Demaine, Erik D.},
title = {Logarithmic Lower Bounds in the Cell-Probe Model},
journal = {SIAM Journal on Computing},
volume = {35},
number = {4},
pages = {932-963},
year = {2006},
doi = {10.1137/S0097539705447256}
}

@article{EPPSTEIN-planar,
author = {David Eppstein and Giuseppe F Italiano and Roberto Tamassia and Robert E Tarjan and Jeffery Westbrook and Moti Yung},
title = {Maintenance of a minimum spanning forest in a dynamic plane graph},
journal = {Journal of Algorithms},
volume = {13},
number = {1},
pages = {33-54},
year = {1992},
issn = {0196-6774},
doi = {https://doi.org/10.1016/0196-6774(92)90004-V},
}

@Article{Ajtai1988,
author={Miklós Ajtai},
title={A lower bound for finding predecessors in {Y}ao's cell probe model},
journal={Combinatorica},
volume={8},
year={1988},
number={3},
pages={235-247},
issn={1439-6912},
doi={10.1007/BF02126797}
}


%@InProceedings{AHLTMinDiameter,
%author="Alstrup, Stephen
%and Holm, Jacob
%and de Lichtenberg, Kristian
%and Thorup, Mikkel",
%title="Minimizing diameters of dynamic trees",
%booktitle="Automata, Languages and Programming",
%year="1997",
%publisher="Springer Berlin Heidelberg",
%address="Berlin, Heidelberg",
%pages="270--280",
%isbn="978-3-540-69194-5"
%}

@InProceedings{kejlbergrasmussen_et_al,
  author =	{Casper Kejlberg-Rasmussen and Tsvi Kopelowitz and Seth Pettie and Mikkel Thorup},
  title =	{{Faster Worst Case Deterministic Dynamic Connectivity}},
  booktitle =	{Proceedings of the 24th Annual European Symposium on Algorithms},
  series =	{Leibniz International Proceedings in Informatics (LIPIcs)},
  year =	{2016},
  publisher =	{Schloss Dagstuhl--Leibniz-Zentrum fuer Informatik},
  address =	{Dagstuhl, Germany},
  pages =	{53:1--53:15}
}


@book{agozine2010,
   title = {Grupos, Corpos e Teoria de Galois},
   author = {Paulo Agozzini Martin},
   publisher = {Editora Livraria da Física},
   isbn =      {978-85-7861-065-4},
   year = {2010},
   edition = {1}
} % OK

@Inbook{Wulff-Nilsen2016,
author="Wulff-Nilsen, Christian",
editor="Kao, Ming-Yang",
title="Faster Deterministic Fully-Dynamic Graph Connectivity",
bookTitle="Encyclopedia of Algorithms",
year="2016",
publisher="Springer New York",
address="New York, NY",
pages="738--741",
isbn="978-1-4939-2864-4",
doi="10.1007/978-1-4939-2864-4_569",
url="https://doi.org/10.1007/978-1-4939-2864-4_569"
}


%@inproceedings{nr-aaai15,
%      title = {The Network Data Repository with Interactive Graph Analytics and Visualization},
%      author={Ryan A. Rossi and Nesreen K. Ahmed},
%      booktitle = {Proceedings of the Twenty-Ninth AAAI Conference on Artificial Intelligence},
%      url={http://networkrepository.com},
%      year={2015}
%}

@misc{linkcuttree,
title   = {Link-cut trees e aplicações em estruturas de dados retroativas},
author = {Noronha, Felipe Castro de and Fernandes, Cristina Gomes},
year = {2022},
url={https://bdta.abcd.usp.br/directbitstream/2fbf453b-b7db-4f95-a805-e41dc8eb7b0f/3122356.pdf}
}
%@inproceedings{KONECT,
%author = {Kunegis, J\'{e}r\^{o}me},
%title = {KONECT: the Koblenz network collection},
%year = {2013},
%isbn = {9781450320382},
%publisher = {Association for Computing Machinery},
%address = {New York, NY, USA},
%url = {https://doi.org/10.1145/2487788.2488173},
%doi = {10.1145/2487788.2488173},
%booktitle = {Proceedings of the 22nd International Conference on World Wide Web},
%pages = {1343–1350},
%numpages = {8},
%keywords = {web observatory, network analysis},
%location = {Rio de Janeiro, Brazil},
%series = {WWW '13 Companion}
%}

@inproceedings{guideXP1999,
  title={A theoretician's guide to the experimental analysis of algorithms},
  author={David S. Johnson},
  booktitle={Data Structures, Near Neighbor Searches, and Methodology},
  year={1999},
  url={https://api.semanticscholar.org/CorpusID:11281694}
}

@article{LEDA,
author = {Mehlhorn, Kurt and N\"{a}her, Stefan},
title = {LEDA: a platform for combinatorial and geometric computing},
year = {1995},
issue_date = {Jan. 1995},
publisher = {Association for Computing Machinery},
address = {New York, NY, USA},
volume = {38},
number = {1},
issn = {0001-0782},
url = {https://doi.org/10.1145/204865.204889},
doi = {10.1145/204865.204889},
journal = {Commun. ACM},
pages = {96--102},
numpages = {7}
}

@article{xp-Phylogeny,
author = {Fernández-Baca, David and Liu, Lei},
title = {Tree Compatibility, Incomplete Directed Perfect Phylogeny, and Dynamic Graph Connectivity: An Experimental Study},
journal = {Algorithms},
volume = {12},
year = {2019},
number = {3},
url = {https://www.mdpi.com/1999-4893/12/3/53},
issn = {1999-4893},
doi = {10.3390/a12030053}
}

@inproceedings{NikoletseasRSY,
author        = {Sotiris E. Nikoletseas and John H. Reif and Paul G. Spirakis and Moti Yung},
booktitle     = {Proceedings of the 22nd International Colloquium on Automata, Languages and Programming},
doi    = {10.1007/3-540-60084-1_71},
isbn   = {3-540-60084-1},
pages  = {159--170},
publisher     = {Springer-Verlag},
series = {Lecture Notes in Computer Science},
title  = {Stochastic Graphs Have Short Memory: Fully Dynamic Connectivity in Poly-Log Expected Time},
volume = {944},
year   = {1995},
}

@InProceedings{Fatourou,
author={Fatourou, Panagiota
and Spirakis, Paul
and Zarafidis, Panagiotis
and Zoura, Anna},
editor={Vitter, Jeffrey S.
and Zaroliagis, Christos D.},
title={Implementation and Experimental Evaluation of Graph Connectivity Algorithms Using LEDA},
booktitle={Algorithm Engineering},
year={1999},
publisher={Springer Berlin Heidelberg},
address={Berlin, Heidelberg},
pages={124--138},
isbn={978-3-540-48318-2}
}
